<?xml version="1.0" encoding="UTF-8"?><record xmlns="http://www.loc.gov/MARC21/slim" xmlns:cinclude="http://apache.org/cocoon/include/1.0" xmlns:zs="http://www.loc.gov/zing/srw/">
  <leader>00357nz  a2200133n  4500</leader>
  <controlfield tag="001">no 99075640 </controlfield>
  <controlfield tag="003">DLC</controlfield>
  <controlfield tag="005">19991019070552.0</controlfield>
  <controlfield tag="008">991018n| acannaabn          |n aaa     c</controlfield>
  <datafield tag="010" ind1=" " ind2=" ">
    <subfield code="a">no 99075640 </subfield>
  </datafield>
  <datafield tag="035" ind1=" " ind2=" ">
    <subfield code="a">(OCoLC)oca05085026</subfield>
  </datafield>
  <datafield tag="040" ind1=" " ind2=" ">
    <subfield code="a">MoWgW</subfield>
    <subfield code="b">eng</subfield>
    <subfield code="c">MoWgW</subfield>
  </datafield>
  <datafield tag="100" ind1="1" ind2="0">
    <subfield code="a">Merson, Marc</subfield>
  </datafield>
  <datafield tag="670" ind1=" " ind2=" ">
    <subfield code="a">The heart is a lonely hunter [VR], 1993?:</subfield>
    <subfield code="b">credits (Marc Merson)</subfield>
  </datafield>
</record>